
<!--206-->
<record>
  <leader>00639nam a2200193   4500</leader>
  <datafield tag="999" ind1=" " ind2=" ">
    <subfield code="c">8918</subfield>
    <subfield code="d">8918</subfield>
  </datafield>
  <controlfield tag="003">BR-MnINPA</controlfield>
  <controlfield tag="005">20190211162850.0</controlfield>
  <controlfield tag="008">030701s1994    bl     f      000 0 por  </controlfield>
  <datafield tag="082" ind1="1" ind2=" ">
    <subfield code="a">016.509811</subfield>
    <subfield code="2">19</subfield>
  </datafield>
  <datafield tag="090" ind1=" " ind2=" ">
    <subfield code="a">AM 016.509811</subfield>
    <subfield code="b">F676g</subfield>
  </datafield>
  <datafield tag="100" ind1="1" ind2=" ">
    <subfield code="a">Fonseca, Ozório José de Menezes</subfield>
  </datafield>
  <datafield tag="245" ind1="1" ind2="0">
    <subfield code="a">Guia de referência dos pesquisadores do INPA / </subfield>
    <subfield code="c">Ozório José de Menezes Fonseca, Ana Luiza Belém Rebello.</subfield>
  </datafield>
  <datafield tag="260" ind1=" " ind2=" ">
    <subfield code="a">Manaus : </subfield>
    <subfield code="b">INPA, </subfield>
    <subfield code="c">1994.</subfield>
  </datafield>
  <datafield tag="300" ind1=" " ind2=" ">
    <subfield code="a">59 p.</subfield>
  </datafield>
  <datafield tag="610" ind1="2" ind2="4">
    <subfield code="a">Instituto Nacional de Pesquisas da Amazônia.</subfield>
  </datafield>
  <datafield tag="650" ind1=" " ind2="0">
    <subfield code="a">Pesquisadores</subfield>
    <subfield code="z">Amazonas</subfield>
    <subfield code="v">Catálogos.</subfield>
  </datafield>
  <datafield tag="700" ind1="1" ind2=" ">
    <subfield code="a">Rebello, Ana Luiza Belém</subfield>
  </datafield>
  <datafield tag="942" ind1=" " ind2=" ">
    <subfield code="c">L</subfield>
  </datafield>
  <datafield tag="952" ind1=" " ind2=" ">
    <subfield code="0">0</subfield>
    <subfield code="1">0</subfield>
    <subfield code="2">ddc</subfield>
    <subfield code="4">0</subfield>
    <subfield code="6">AM_016_509811000000000_F676G</subfield>
    <subfield code="7">0</subfield>
    <subfield code="8">AM</subfield>
    <subfield code="9">38938</subfield>
    <subfield code="a">sdin</subfield>
    <subfield code="b">sdin</subfield>
    <subfield code="d">2018-09-19</subfield>
    <subfield code="l">0</subfield>
    <subfield code="o">AM 016.509811 F676g</subfield>
    <subfield code="p">12-0650</subfield>
    <subfield code="r">2018-09-19</subfield>
    <subfield code="w">2018-09-19</subfield>
    <subfield code="y">L</subfield>
  </datafield>
  <datafield tag="952" ind1=" " ind2=" ">
    <subfield code="0">0</subfield>
    <subfield code="1">0</subfield>
    <subfield code="2">ddc</subfield>
    <subfield code="4">0</subfield>
    <subfield code="6">AM_016_509811000000000_F676G</subfield>
    <subfield code="7">0</subfield>
    <subfield code="8">AM</subfield>
    <subfield code="9">38939</subfield>
    <subfield code="a">sdin</subfield>
    <subfield code="b">sdin</subfield>
    <subfield code="d">2018-09-19</subfield>
    <subfield code="l">0</subfield>
    <subfield code="o">AM 016.509811 F676g</subfield>
    <subfield code="p">94-0817</subfield>
    <subfield code="r">2018-09-19</subfield>
    <subfield code="w">2018-09-19</subfield>
    <subfield code="y">L</subfield>
  </datafield>
  <datafield tag="952" ind1=" " ind2=" ">
    <subfield code="0">0</subfield>
    <subfield code="1">0</subfield>
    <subfield code="2">ddc</subfield>
    <subfield code="4">0</subfield>
    <subfield code="6">AM_016_509811000000000_F676G</subfield>
    <subfield code="7">0</subfield>
    <subfield code="8">AM</subfield>
    <subfield code="9">38941</subfield>
    <subfield code="a">sdin</subfield>
    <subfield code="b">sdin</subfield>
    <subfield code="d">2018-09-19</subfield>
    <subfield code="l">0</subfield>
    <subfield code="o">AM 016.509811 F676g</subfield>
    <subfield code="p">95-0053</subfield>
    <subfield code="r">2018-09-19</subfield>
    <subfield code="w">2018-09-19</subfield>
    <subfield code="y">L</subfield>
  </datafield>
  <datafield tag="952" ind1=" " ind2=" ">
    <subfield code="0">0</subfield>
    <subfield code="1">0</subfield>
    <subfield code="2">ddc</subfield>
    <subfield code="4">0</subfield>
    <subfield code="6">AM_016_509811000000000_F676G</subfield>
    <subfield code="7">0</subfield>
    <subfield code="8">AM</subfield>
    <subfield code="9">38942</subfield>
    <subfield code="a">sdin</subfield>
    <subfield code="b">sdin</subfield>
    <subfield code="d">2018-09-19</subfield>
    <subfield code="l">0</subfield>
    <subfield code="o">AM 016.509811 F676g</subfield>
    <subfield code="p">95-1395</subfield>
    <subfield code="r">2018-09-19</subfield>
    <subfield code="w">2018-09-19</subfield>
    <subfield code="y">L</subfield>
  </datafield>
  <datafield tag="952" ind1=" " ind2=" ">
    <subfield code="0">0</subfield>
    <subfield code="1">0</subfield>
    <subfield code="2">ddc</subfield>
    <subfield code="4">0</subfield>
    <subfield code="6">AM_016_509811000000000_F676G</subfield>
    <subfield code="7">0</subfield>
    <subfield code="8">AM</subfield>
    <subfield code="9">38943</subfield>
    <subfield code="a">sdin</subfield>
    <subfield code="b">sdin</subfield>
    <subfield code="d">2018-09-19</subfield>
    <subfield code="l">0</subfield>
    <subfield code="o">AM 016.509811 F676g</subfield>
    <subfield code="p">03-0029</subfield>
    <subfield code="r">2018-09-19</subfield>
    <subfield code="w">2018-09-19</subfield>
    <subfield code="y">L</subfield>
  </datafield>
  <datafield tag="952" ind1=" " ind2=" ">
    <subfield code="0">0</subfield>
    <subfield code="1">0</subfield>
    <subfield code="2">ddc</subfield>
    <subfield code="4">0</subfield>
    <subfield code="6">AM_016_509811000000000_F676G</subfield>
    <subfield code="7">0</subfield>
    <subfield code="8">AM</subfield>
    <subfield code="9">38944</subfield>
    <subfield code="a">sdin</subfield>
    <subfield code="b">sdin</subfield>
    <subfield code="d">2018-09-19</subfield>
    <subfield code="l">0</subfield>
    <subfield code="o">AM 016.509811 F676g</subfield>
    <subfield code="p">95-0332</subfield>
    <subfield code="r">2018-09-19</subfield>
    <subfield code="w">2018-09-19</subfield>
    <subfield code="y">L</subfield>
  </datafield>
  <datafield tag="952" ind1=" " ind2=" ">
    <subfield code="0">0</subfield>
    <subfield code="1">0</subfield>
    <subfield code="2">ddc</subfield>
    <subfield code="4">0</subfield>
    <subfield code="6">AM_016_509811000000000_F676G</subfield>
    <subfield code="7">0</subfield>
    <subfield code="8">AM</subfield>
    <subfield code="9">38945</subfield>
    <subfield code="a">sdin</subfield>
    <subfield code="b">sdin</subfield>
    <subfield code="d">2018-09-19</subfield>
    <subfield code="l">0</subfield>
    <subfield code="o">AM 016.509811 F676g</subfield>
    <subfield code="p">03-0377</subfield>
    <subfield code="r">2018-09-19</subfield>
    <subfield code="w">2018-09-19</subfield>
    <subfield code="y">L</subfield>
  </datafield>
</record>