
<!--207-->
<record>
  <leader>00520nam a2200169   4500</leader>
  <datafield tag="999" ind1=" " ind2=" ">
    <subfield code="c">7827</subfield>
    <subfield code="d">7827</subfield>
  </datafield>
  <controlfield tag="003">BR-MnINPA</controlfield>
  <controlfield tag="005">20180830163153.0</controlfield>
  <controlfield tag="008">030701s1996    bl     f      000 0 por  </controlfield>
  <datafield tag="082" ind1="1" ind2=" ">
    <subfield code="a">016.509811</subfield>
    <subfield code="2">19</subfield>
  </datafield>
  <datafield tag="090" ind1=" " ind2=" ">
    <subfield code="a">Am 016.509 811</subfield>
    <subfield code="b">G943</subfield>
  </datafield>
  <datafield tag="245" ind1="0" ind2="0">
    <subfield code="a">Guia de referência dos pesquisadores das Universidades da Amazônia Legal.</subfield>
  </datafield>
  <datafield tag="260" ind1=" " ind2=" ">
    <subfield code="a">São Luís : </subfield>
    <subfield code="b">UFMA, </subfield>
    <subfield code="c">1996.</subfield>
  </datafield>
  <datafield tag="300" ind1=" " ind2=" ">
    <subfield code="a">61 p.</subfield>
  </datafield>
  <datafield tag="650" ind1=" " ind2="0">
    <subfield code="a">Pesquisa</subfield>
    <subfield code="z">Amazônia</subfield>
    <subfield code="v">Diretórios.</subfield>
  </datafield>
  <datafield tag="650" ind1=" " ind2="4">
    <subfield code="a">Universidades e faculdades</subfield>
    <subfield code="z">Amazônia</subfield>
    <subfield code="v">Diretórios.</subfield>
  </datafield>
  <datafield tag="942" ind1=" " ind2=" ">
    <subfield code="c">L</subfield>
  </datafield>
  <datafield tag="952" ind1=" " ind2=" ">
    <subfield code="0">0</subfield>
    <subfield code="1">0</subfield>
    <subfield code="2">ddc</subfield>
    <subfield code="4">0</subfield>
    <subfield code="6">AM_016_509811000000000_G943</subfield>
    <subfield code="7">0</subfield>
    <subfield code="8">AM</subfield>
    <subfield code="9">9926</subfield>
    <subfield code="a">sdin</subfield>
    <subfield code="b">sdin</subfield>
    <subfield code="d">2016-11-23</subfield>
    <subfield code="l">0</subfield>
    <subfield code="o">AM 016.509811 G943</subfield>
    <subfield code="p">02-0556</subfield>
    <subfield code="r">2016-11-23</subfield>
    <subfield code="w">2016-11-23</subfield>
    <subfield code="y">L</subfield>
  </datafield>
  <datafield tag="952" ind1=" " ind2=" ">
    <subfield code="0">0</subfield>
    <subfield code="1">0</subfield>
    <subfield code="2">ddc</subfield>
    <subfield code="4">0</subfield>
    <subfield code="6">AM_016_509811000000000_G943</subfield>
    <subfield code="7">0</subfield>
    <subfield code="8">AM</subfield>
    <subfield code="9">38660</subfield>
    <subfield code="a">sdin</subfield>
    <subfield code="b">sdin</subfield>
    <subfield code="d">2018-08-17</subfield>
    <subfield code="l">0</subfield>
    <subfield code="o">Am 016.509811 G943</subfield>
    <subfield code="p">2014-35</subfield>
    <subfield code="r">2018-08-17</subfield>
    <subfield code="w">2018-08-17</subfield>
    <subfield code="y">L</subfield>
  </datafield>
  <datafield tag="952" ind1=" " ind2=" ">
    <subfield code="0">0</subfield>
    <subfield code="1">0</subfield>
    <subfield code="2">ddc</subfield>
    <subfield code="4">0</subfield>
    <subfield code="6">AM_016_509811000000000_G943</subfield>
    <subfield code="7">0</subfield>
    <subfield code="8">AM</subfield>
    <subfield code="9">38940</subfield>
    <subfield code="a">sdin</subfield>
    <subfield code="b">sdin</subfield>
    <subfield code="d">2018-09-19</subfield>
    <subfield code="l">0</subfield>
    <subfield code="o">Am 016.509811 G943</subfield>
    <subfield code="p">2018-1705</subfield>
    <subfield code="r">2018-09-19</subfield>
    <subfield code="w">2018-09-19</subfield>
    <subfield code="y">L</subfield>
  </datafield>
</record>