
<!--208-->
<record>
  <leader>00825nam a2200181   4500</leader>
  <controlfield tag="001">BIBLIOPAC-001003</controlfield>
  <controlfield tag="008">030701s1977    bl     f      000 0 por  </controlfield>
  <datafield tag="082" ind1="1" ind2=" ">
    <subfield code="a">016.509811</subfield>
  </datafield>
  <datafield tag="090" ind1=" " ind2=" ">
    <subfield code="a">016.509811</subfield>
    <subfield code="b">G943</subfield>
  </datafield>
  <datafield tag="245" ind1="0" ind2="0">
    <subfield code="a">Guia instituições, especialistas e pesquisadores da Amazônia :  </subfield>
    <subfield code="b">elaborado em cumprimento ao Convênio 002/74 - SUDAM/IDESP / </subfield>
    <subfield code="c">Rede de Bibliotecas da Amazônia--REBAM Sistema de Informações para Amazônia--SIAMA.</subfield>
  </datafield>
  <datafield tag="260" ind1=" " ind2=" ">
    <subfield code="a">Belém : </subfield>
    <subfield code="b">Superintendência do Desenvolvimento da Amazônia, </subfield>
    <subfield code="c">1977.</subfield>
  </datafield>
  <datafield tag="300" ind1=" " ind2=" ">
    <subfield code="a">v. </subfield>
  </datafield>
  <datafield tag="500" ind1=" " ind2=" ">
    <subfield code="a">Título da capa: Guia instituições, especialistas e pesquisadores da Amazônia.</subfield>
  </datafield>
  <datafield tag="504" ind1=" " ind2=" ">
    <subfield code="a">Inclui referências bibliográficas.</subfield>
  </datafield>
  <datafield tag="650" ind1=" " ind2="0">
    <subfield code="a">Ciências sociais</subfield>
    <subfield code="x">Pesquisa</subfield>
    <subfield code="z">Amazônia</subfield>
    <subfield code="v">Diretórios.</subfield>
  </datafield>
  <datafield tag="650" ind1=" " ind2="4">
    <subfield code="a">Pesquisa</subfield>
    <subfield code="z">Amazônia</subfield>
    <subfield code="v">Diretórios.</subfield>
  </datafield>
  <datafield tag="942" ind1=" " ind2=" ">
    <subfield code="c">L</subfield>
  </datafield>
  <datafield tag="999" ind1=" " ind2=" ">
    <subfield code="c">7826</subfield>
    <subfield code="d">7826</subfield>
  </datafield>
  <datafield tag="952" ind1=" " ind2=" ">
    <subfield code="0">0</subfield>
    <subfield code="1">0</subfield>
    <subfield code="2">ddc</subfield>
    <subfield code="4">0</subfield>
    <subfield code="6">AM_016_509811000000000_G943</subfield>
    <subfield code="7">0</subfield>
    <subfield code="8">AM</subfield>
    <subfield code="9">9925</subfield>
    <subfield code="a">sdin</subfield>
    <subfield code="b">sdin</subfield>
    <subfield code="d">2016-11-23</subfield>
    <subfield code="l">0</subfield>
    <subfield code="o">AM 016.509811 G943</subfield>
    <subfield code="p">02-0555</subfield>
    <subfield code="r">2016-11-23</subfield>
    <subfield code="w">2016-11-23</subfield>
    <subfield code="y">L</subfield>
  </datafield>
</record>