
<!--209-->
<record>
  <leader>00684nam a2200169   4500</leader>
  <controlfield tag="001">BIBLIOPAC-000998</controlfield>
  <controlfield tag="008">030701s1969    bl     f      000 0 por  </controlfield>
  <datafield tag="082" ind1="1" ind2=" ">
    <subfield code="a">016.55811</subfield>
  </datafield>
  <datafield tag="090" ind1=" " ind2=" ">
    <subfield code="a">016.55811</subfield>
    <subfield code="b">B582</subfield>
  </datafield>
  <datafield tag="245" ind1="0" ind2="0">
    <subfield code="a">Bibliografia e índice da geologia da Amazônia legal brasileira : </subfield>
    <subfield code="b">1641-1964 / </subfield>
    <subfield code="c">Pedro Loewenstein ... [et al.] ; normalização bibliográfica, Léa Diniz.</subfield>
  </datafield>
  <datafield tag="260" ind1=" " ind2=" ">
    <subfield code="a">Belém : </subfield>
    <subfield code="b">Museu Paraense Emilio Goeldi, </subfield>
    <subfield code="c">1969.</subfield>
  </datafield>
  <datafield tag="300" ind1=" " ind2=" ">
    <subfield code="a">291 p.</subfield>
  </datafield>
  <datafield tag="490" ind1="0" ind2=" ">
    <subfield code="a">Publicações avulsas / Museu Paraense Emílio Goeldi ; </subfield>
    <subfield code="v">n. 11</subfield>
  </datafield>
  <datafield tag="490" ind1="1" ind2=" ">
    <subfield code="a">Museu Paraense Emílio Goeldi. Publicações avulsas ; </subfield>
    <subfield code="v">n. 11</subfield>
  </datafield>
  <datafield tag="650" ind1=" " ind2="0">
    <subfield code="a">Geologia</subfield>
    <subfield code="z">Amazônia</subfield>
    <subfield code="v">Bibliografia.</subfield>
  </datafield>
  <datafield tag="942" ind1=" " ind2=" ">
    <subfield code="c">L</subfield>
  </datafield>
  <datafield tag="999" ind1=" " ind2=" ">
    <subfield code="c">7821</subfield>
    <subfield code="d">7821</subfield>
  </datafield>
  <datafield tag="952" ind1=" " ind2=" ">
    <subfield code="0">0</subfield>
    <subfield code="1">0</subfield>
    <subfield code="2">ddc</subfield>
    <subfield code="4">0</subfield>
    <subfield code="6">AM_016_558000000000000_11_B582</subfield>
    <subfield code="7">0</subfield>
    <subfield code="8">AM</subfield>
    <subfield code="9">38811</subfield>
    <subfield code="a">sdin</subfield>
    <subfield code="b">sdin</subfield>
    <subfield code="d">2018-08-31</subfield>
    <subfield code="l">0</subfield>
    <subfield code="o">AM 016.558 11 B582</subfield>
    <subfield code="p">02-0552</subfield>
    <subfield code="r">2018-08-31</subfield>
    <subfield code="w">2018-08-31</subfield>
    <subfield code="y">L</subfield>
  </datafield>
  <datafield tag="952" ind1=" " ind2=" ">
    <subfield code="0">0</subfield>
    <subfield code="1">0</subfield>
    <subfield code="2">ddc</subfield>
    <subfield code="4">0</subfield>
    <subfield code="6">AM_016_558000000000000_11_B582</subfield>
    <subfield code="7">0</subfield>
    <subfield code="8">AM</subfield>
    <subfield code="9">38812</subfield>
    <subfield code="a">sdin</subfield>
    <subfield code="b">sdin</subfield>
    <subfield code="d">2018-08-31</subfield>
    <subfield code="l">0</subfield>
    <subfield code="o">AM 016.558 11 B582</subfield>
    <subfield code="p">02-0549</subfield>
    <subfield code="r">2018-08-31</subfield>
    <subfield code="w">2018-08-31</subfield>
    <subfield code="y">L</subfield>
  </datafield>
  <datafield tag="952" ind1=" " ind2=" ">
    <subfield code="0">0</subfield>
    <subfield code="1">0</subfield>
    <subfield code="2">ddc</subfield>
    <subfield code="4">0</subfield>
    <subfield code="6">AM_016_558000000000000_11_B582</subfield>
    <subfield code="7">0</subfield>
    <subfield code="8">AM</subfield>
    <subfield code="9">38813</subfield>
    <subfield code="a">sdin</subfield>
    <subfield code="b">sdin</subfield>
    <subfield code="d">2018-08-31</subfield>
    <subfield code="l">0</subfield>
    <subfield code="o">AM 016.558 11 B582</subfield>
    <subfield code="p">02-0548</subfield>
    <subfield code="r">2018-08-31</subfield>
    <subfield code="w">2018-08-31</subfield>
    <subfield code="y">L</subfield>
  </datafield>
  <datafield tag="952" ind1=" " ind2=" ">
    <subfield code="0">0</subfield>
    <subfield code="1">0</subfield>
    <subfield code="2">ddc</subfield>
    <subfield code="4">0</subfield>
    <subfield code="6">AM_016_558110000000000_B582</subfield>
    <subfield code="7">0</subfield>
    <subfield code="8">AM</subfield>
    <subfield code="9">38946</subfield>
    <subfield code="a">sdin</subfield>
    <subfield code="b">sdin</subfield>
    <subfield code="d">2018-09-19</subfield>
    <subfield code="l">0</subfield>
    <subfield code="o">AM 016.55811 B582</subfield>
    <subfield code="p">2018-1719</subfield>
    <subfield code="r">2018-09-19</subfield>
    <subfield code="w">2018-09-19</subfield>
    <subfield code="y">L</subfield>
  </datafield>
</record>