
<!--210-->
<record>
  <leader>01154nam a2200253   4500</leader>
  <controlfield tag="001">BIBLIOPAC-000997</controlfield>
  <controlfield tag="008">030701s1982    bl     f      000 0 por  </controlfield>
  <datafield tag="082" ind1="1" ind2=" ">
    <subfield code="a">016.55811</subfield>
  </datafield>
  <datafield tag="090" ind1=" " ind2=" ">
    <subfield code="a">016.55811</subfield>
    <subfield code="b">582</subfield>
  </datafield>
  <datafield tag="245" ind1="0" ind2="0">
    <subfield code="a">Bibliografia da geologia e recursos minerais da região do Programa Grande Carajás, 1864 - set. 1982 / </subfield>
    <subfield code="c">autores, Orlandina Martins Jorge João ... [et al.] ; revisão do índice permutado dos assuntos pelo geólogo Cláudio Hecht ; colaboradora, Cecília Martins da Silva.</subfield>
  </datafield>
  <datafield tag="260" ind1=" " ind2=" ">
    <subfield code="a">Brasília : </subfield>
    <subfield code="b">Departamento Nacional da Produção Mineral, </subfield>
    <subfield code="c">1982.</subfield>
  </datafield>
  <datafield tag="300" ind1=" " ind2=" ">
    <subfield code="a">263 p. : </subfield>
    <subfield code="b">mapa.</subfield>
  </datafield>
  <datafield tag="490" ind1="0" ind2=" ">
    <subfield code="a">Série Bibliografia / Brasil. Departamento Nacional da Produção Mineral ; </subfield>
    <subfield code="v">n. 3</subfield>
  </datafield>
  <datafield tag="490" ind1="1" ind2=" ">
    <subfield code="a">Série Bibliografia ; </subfield>
    <subfield code="v">n. 3</subfield>
  </datafield>
  <datafield tag="500" ind1=" " ind2=" ">
    <subfield code="a">Inclui índice.</subfield>
  </datafield>
  <datafield tag="650" ind1=" " ind2="4">
    <subfield code="a">Geologia</subfield>
    <subfield code="z">Goiás</subfield>
    <subfield code="v">Bibliografia.</subfield>
  </datafield>
  <datafield tag="650" ind1=" " ind2="4">
    <subfield code="a">Geologia</subfield>
    <subfield code="z">Maranhão</subfield>
    <subfield code="v">Bibliografia.</subfield>
  </datafield>
  <datafield tag="650" ind1=" " ind2="0">
    <subfield code="a">Geologia</subfield>
    <subfield code="z">Pará</subfield>
    <subfield code="v">Bibliografia.</subfield>
  </datafield>
  <datafield tag="650" ind1=" " ind2="0">
    <subfield code="a">Programa Grande Carajás.</subfield>
  </datafield>
  <datafield tag="650" ind1=" " ind2="4">
    <subfield code="a">Recursos minerais</subfield>
    <subfield code="z">Goiás</subfield>
    <subfield code="v">Bibliografia.</subfield>
  </datafield>
  <datafield tag="650" ind1=" " ind2="4">
    <subfield code="a">Recursos minerais</subfield>
    <subfield code="z">Maranhão</subfield>
    <subfield code="v">Bibliografia.</subfield>
  </datafield>
  <datafield tag="650" ind1=" " ind2="0">
    <subfield code="a">Recursos minerais</subfield>
    <subfield code="z">Pará</subfield>
    <subfield code="v">Bibliografia.</subfield>
  </datafield>
  <datafield tag="942" ind1=" " ind2=" ">
    <subfield code="c">L</subfield>
  </datafield>
  <datafield tag="999" ind1=" " ind2=" ">
    <subfield code="c">7820</subfield>
    <subfield code="d">7820</subfield>
  </datafield>
  <datafield tag="952" ind1=" " ind2=" ">
    <subfield code="0">0</subfield>
    <subfield code="1">0</subfield>
    <subfield code="2">ddc</subfield>
    <subfield code="4">0</subfield>
    <subfield code="6">AM_016_558000000000000_11_B582</subfield>
    <subfield code="7">0</subfield>
    <subfield code="8">AM</subfield>
    <subfield code="9">9918</subfield>
    <subfield code="a">sdin</subfield>
    <subfield code="b">sdin</subfield>
    <subfield code="d">2016-11-23</subfield>
    <subfield code="l">0</subfield>
    <subfield code="o">Am 016.558 11 B582</subfield>
    <subfield code="p">02-0547</subfield>
    <subfield code="r">2016-11-23</subfield>
    <subfield code="w">2016-11-23</subfield>
    <subfield code="y">L</subfield>
  </datafield>
</record>