
<!--211-->
<record>
  <leader>00625nam a2200157   4500</leader>
  <controlfield tag="001">BIBLIOPAC-000978</controlfield>
  <controlfield tag="008">030701s1998    bl     f      000 0 por  </controlfield>
  <datafield tag="082" ind1="1" ind2=" ">
    <subfield code="a">016.580</subfield>
  </datafield>
  <datafield tag="090" ind1=" " ind2=" ">
    <subfield code="a">016.580</subfield>
    <subfield code="b">I59d</subfield>
  </datafield>
  <datafield tag="110" ind1="2" ind2=" ">
    <subfield code="a">Instituto Nacional de Pesquisas da Amazônia (Brasil). </subfield>
    <subfield code="b">Programa de Pós-Graduação em Biologia Tropical e Recursos Naturais. Divisão do Curso de Pós-Graduação em Botânica</subfield>
  </datafield>
  <datafield tag="245" ind1="1" ind2="0">
    <subfield code="a">Dissertações e teses : </subfield>
    <subfield code="b">resumos (1975-1998) / </subfield>
    <subfield code="c">Instituto Nacional de Pesquisas da Amazônia.</subfield>
  </datafield>
  <datafield tag="260" ind1=" " ind2=" ">
    <subfield code="a">Manaus : </subfield>
    <subfield code="b">INPA, </subfield>
    <subfield code="c">1998.</subfield>
  </datafield>
  <datafield tag="300" ind1=" " ind2=" ">
    <subfield code="a">138 P.</subfield>
  </datafield>
  <datafield tag="650" ind1=" " ind2="0">
    <subfield code="a">Botânica</subfield>
    <subfield code="x">Teses</subfield>
    <subfield code="v">Catálogos.</subfield>
  </datafield>
  <datafield tag="942" ind1=" " ind2=" ">
    <subfield code="c">L</subfield>
  </datafield>
  <datafield tag="999" ind1=" " ind2=" ">
    <subfield code="c">7801</subfield>
    <subfield code="d">7801</subfield>
  </datafield>
  <datafield tag="952" ind1=" " ind2=" ">
    <subfield code="0">0</subfield>
    <subfield code="1">0</subfield>
    <subfield code="4">0</subfield>
    <subfield code="6">AM_016_580000000000000_I59D</subfield>
    <subfield code="7">0</subfield>
    <subfield code="8">AM</subfield>
    <subfield code="9">9875</subfield>
    <subfield code="a">sdin</subfield>
    <subfield code="b">sdin</subfield>
    <subfield code="d">2016-11-23</subfield>
    <subfield code="l">0</subfield>
    <subfield code="o">AM 016.580 I59d</subfield>
    <subfield code="p">02-0514</subfield>
    <subfield code="r">2016-11-23</subfield>
    <subfield code="w">2016-11-23</subfield>
    <subfield code="y">L</subfield>
  </datafield>
  <datafield tag="952" ind1=" " ind2=" ">
    <subfield code="0">0</subfield>
    <subfield code="1">0</subfield>
    <subfield code="2">ddc</subfield>
    <subfield code="4">0</subfield>
    <subfield code="6">AM_016_580000000000000_I59D</subfield>
    <subfield code="7">0</subfield>
    <subfield code="8">AM</subfield>
    <subfield code="9">39013</subfield>
    <subfield code="a">sdin</subfield>
    <subfield code="b">sdin</subfield>
    <subfield code="d">2018-09-24</subfield>
    <subfield code="l">0</subfield>
    <subfield code="o">AM 016.580 I59d</subfield>
    <subfield code="p">03-0393</subfield>
    <subfield code="r">2018-09-24</subfield>
    <subfield code="w">2018-09-24</subfield>
    <subfield code="y">L</subfield>
  </datafield>
  <datafield tag="952" ind1=" " ind2=" ">
    <subfield code="0">0</subfield>
    <subfield code="1">0</subfield>
    <subfield code="2">ddc</subfield>
    <subfield code="4">0</subfield>
    <subfield code="6">AM_016_580000000000000_I59D</subfield>
    <subfield code="7">0</subfield>
    <subfield code="8">AM</subfield>
    <subfield code="9">39044</subfield>
    <subfield code="a">sdin</subfield>
    <subfield code="b">sdin</subfield>
    <subfield code="d">2018-09-25</subfield>
    <subfield code="l">0</subfield>
    <subfield code="o">AM 016.580 I59d</subfield>
    <subfield code="p">03-0365</subfield>
    <subfield code="r">2018-09-25</subfield>
    <subfield code="w">2018-09-25</subfield>
    <subfield code="y">L</subfield>
  </datafield>
</record>