
<!--218-->
<record>
  <leader>00638nam a2200193   4500</leader>
  <controlfield tag="001">BIBLIOPAC-008478</controlfield>
  <controlfield tag="003">Br</controlfield>
  <controlfield tag="005">20161123142414.0</controlfield>
  <controlfield tag="008">060718s1996    brj           000 0 por u</controlfield>
  <datafield tag="082" ind1="0" ind2="4">
    <subfield code="a">016.5813320981</subfield>
    <subfield code="2">19</subfield>
  </datafield>
  <datafield tag="090" ind1=" " ind2=" ">
    <subfield code="a">016.5813320981</subfield>
    <subfield code="b">I38</subfield>
  </datafield>
  <datafield tag="245" ind1="1" ind2="0">
    <subfield code="a">Index seminum pro mutua commutatione offert / </subfield>
    <subfield code="c">Jardim Botânico do Rio de Janeiro.</subfield>
  </datafield>
  <datafield tag="260" ind1=" " ind2=" ">
    <subfield code="a">Rio de Janeiro : </subfield>
    <subfield code="b">Jardim Botanico do Rio de Janeiro, </subfield>
    <subfield code="c">1996.</subfield>
  </datafield>
  <datafield tag="300" ind1=" " ind2=" ">
    <subfield code="a">32 p. ; </subfield>
    <subfield code="c">22cm.</subfield>
  </datafield>
  <datafield tag="610" ind1="2" ind2="4">
    <subfield code="a">Jardim Botânico do Rio de Janeiro</subfield>
    <subfield code="x">Catálogos.</subfield>
  </datafield>
  <datafield tag="650" ind1=" " ind2=" ">
    <subfield code="a">Sementes</subfield>
    <subfield code="x">Identificação.</subfield>
  </datafield>
  <datafield tag="710" ind1="2" ind2=" ">
    <subfield code="a">Jardim Botânico do Rio de Janeiro</subfield>
  </datafield>
  <datafield tag="942" ind1=" " ind2=" ">
    <subfield code="c">L</subfield>
  </datafield>
  <datafield tag="999" ind1=" " ind2=" ">
    <subfield code="c">15240</subfield>
    <subfield code="d">15240</subfield>
  </datafield>
  <datafield tag="952" ind1=" " ind2=" ">
    <subfield code="0">0</subfield>
    <subfield code="1">0</subfield>
    <subfield code="4">0</subfield>
    <subfield code="6">016_581332098100000_I38</subfield>
    <subfield code="7">0</subfield>
    <subfield code="8">G</subfield>
    <subfield code="9">20737</subfield>
    <subfield code="a">sdin</subfield>
    <subfield code="b">sdin</subfield>
    <subfield code="d">2016-11-23</subfield>
    <subfield code="l">0</subfield>
    <subfield code="o">016.5813320981 I38</subfield>
    <subfield code="p">06-0239 | Doação do </subfield>
    <subfield code="r">2016-11-23</subfield>
    <subfield code="w">2016-11-23</subfield>
    <subfield code="y">L</subfield>
  </datafield>
</record>