
<!--220-->
<record>
  <leader>00764nam a2200229   4500</leader>
  <controlfield tag="001">BIBLIOPAC-008671</controlfield>
  <controlfield tag="005">20161123142438.0</controlfield>
  <controlfield tag="008">070806s        bl     f     0000 0 por  </controlfield>
  <datafield tag="020" ind1=" " ind2=" ">
    <subfield code="a">978-85-7427-018-0</subfield>
  </datafield>
  <datafield tag="082" ind1="1" ind2=" ">
    <subfield code="a">016.597092981</subfield>
  </datafield>
  <datafield tag="090" ind1=" " ind2=" ">
    <subfield code="a">016.597092981</subfield>
    <subfield code="b">C357</subfield>
  </datafield>
  <datafield tag="245" ind1="1" ind2="0">
    <subfield code="a">Catálogo das espécies de peixes de água doce do Brasil /</subfield>
    <subfield code="c">Editores: Paulo Andreas BUckup, Naércio Aquino Menezes, Miriam Sant'Anna Ghazzi .</subfield>
  </datafield>
  <datafield tag="260" ind1=" " ind2=" ">
    <subfield code="a">Rio de Janeiro : </subfield>
    <subfield code="b">Museu Nacional, </subfield>
    <subfield code="c">2007.</subfield>
  </datafield>
  <datafield tag="300" ind1=" " ind2=" ">
    <subfield code="a">195 p.</subfield>
  </datafield>
  <datafield tag="490" ind1="0" ind2=" ">
    <subfield code="a">Série Livros; </subfield>
    <subfield code="v">23</subfield>
  </datafield>
  <datafield tag="650" ind1=" " ind2="4">
    <subfield code="a">Peixes</subfield>
    <subfield code="x">Catálogo.</subfield>
  </datafield>
  <datafield tag="650" ind1=" " ind2="4">
    <subfield code="a">Peixes de água doce</subfield>
    <subfield code="z">Brasil.</subfield>
  </datafield>
  <datafield tag="700" ind1="1" ind2=" ">
    <subfield code="a">Buckup, Paulo Andreas</subfield>
  </datafield>
  <datafield tag="700" ind1="1" ind2=" ">
    <subfield code="a">Menezes, Naércio Aquino</subfield>
  </datafield>
  <datafield tag="700" ind1="1" ind2=" ">
    <subfield code="a">Ghazzi, Miriam Sant' Anna</subfield>
  </datafield>
  <datafield tag="942" ind1=" " ind2=" ">
    <subfield code="c">L</subfield>
  </datafield>
  <datafield tag="999" ind1=" " ind2=" ">
    <subfield code="c">15432</subfield>
    <subfield code="d">15432</subfield>
  </datafield>
  <datafield tag="952" ind1=" " ind2=" ">
    <subfield code="0">0</subfield>
    <subfield code="1">0</subfield>
    <subfield code="4">0</subfield>
    <subfield code="6">016_597092981000000_C357</subfield>
    <subfield code="7">0</subfield>
    <subfield code="8">G</subfield>
    <subfield code="9">20973</subfield>
    <subfield code="a">sdin</subfield>
    <subfield code="b">sdin</subfield>
    <subfield code="d">2016-11-23</subfield>
    <subfield code="l">0</subfield>
    <subfield code="o">016.597092981 C357</subfield>
    <subfield code="p">07-0231</subfield>
    <subfield code="r">2016-11-23</subfield>
    <subfield code="w">2016-11-23</subfield>
    <subfield code="y">L</subfield>
  </datafield>
</record>