
<!--227-->
<record>
  <leader>00870nam a2200181   4500</leader>
  <controlfield tag="001">BIBLIOPAC-000991</controlfield>
  <controlfield tag="008">030701s1985    sp     f      000 0 spa  </controlfield>
  <datafield tag="082" ind1="1" ind2=" ">
    <subfield code="a">016.630811</subfield>
  </datafield>
  <datafield tag="090" ind1=" " ind2=" ">
    <subfield code="a">016.630811</subfield>
    <subfield code="b">D598</subfield>
  </datafield>
  <datafield tag="245" ind1="0" ind2="0">
    <subfield code="a">Directorio de instituciones que realizan investigación agropecuria y forestal en el trópico húmedo de los países amazónicos = </subfield>
  </datafield>
  <datafield tag="246" ind1="3" ind2="1">
    <subfield code="a">Agronomic, cattle-farming and forestry research institutions operating in the South American humid tropics = Diretório de instituições que realizam pesquisas agropecuárias e florestais nos tropicos úmidos dos países amazônicos / </subfield>
  </datafield>
  <datafield tag="260" ind1=" " ind2=" ">
    <subfield code="a">Belém : </subfield>
    <subfield code="b">IICA-TROPICOS, </subfield>
    <subfield code="c">1985.</subfield>
  </datafield>
  <datafield tag="300" ind1=" " ind2=" ">
    <subfield code="a">196 p.</subfield>
  </datafield>
  <datafield tag="650" ind1=" " ind2="0">
    <subfield code="a">Agropecuária</subfield>
    <subfield code="z">Trópicos</subfield>
    <subfield code="v">Diretórios.</subfield>
  </datafield>
  <datafield tag="650" ind1=" " ind2="4">
    <subfield code="a">Instituições de pesquisa</subfield>
    <subfield code="z">Trópicos</subfield>
    <subfield code="v">Diretórios.</subfield>
  </datafield>
  <datafield tag="650" ind1=" " ind2="4">
    <subfield code="a">Pesquisa florestal</subfield>
    <subfield code="z">Trópicos</subfield>
    <subfield code="v">Diretórios.</subfield>
  </datafield>
  <datafield tag="942" ind1=" " ind2=" ">
    <subfield code="c">L</subfield>
  </datafield>
  <datafield tag="999" ind1=" " ind2=" ">
    <subfield code="c">7814</subfield>
    <subfield code="d">7814</subfield>
  </datafield>
  <datafield tag="952" ind1=" " ind2=" ">
    <subfield code="0">0</subfield>
    <subfield code="1">0</subfield>
    <subfield code="4">0</subfield>
    <subfield code="6">AM_016_630811000000000_D598</subfield>
    <subfield code="7">0</subfield>
    <subfield code="8">AM</subfield>
    <subfield code="9">9906</subfield>
    <subfield code="a">sdin</subfield>
    <subfield code="b">sdin</subfield>
    <subfield code="d">2016-11-23</subfield>
    <subfield code="l">0</subfield>
    <subfield code="o">AM 016.630811 D598</subfield>
    <subfield code="p">02-1197</subfield>
    <subfield code="r">2016-11-23</subfield>
    <subfield code="w">2016-11-23</subfield>
    <subfield code="y">L</subfield>
  </datafield>
</record>