
<!--230-->
<record>
  <leader>00709nam a2200193   4500</leader>
  <controlfield tag="001">BIBLIOPAC-003730</controlfield>
  <controlfield tag="008">030701s1983    bl            000 0 por  </controlfield>
  <datafield tag="082" ind1="1" ind2=" ">
    <subfield code="a">016.6337</subfield>
  </datafield>
  <datafield tag="090" ind1=" " ind2=" ">
    <subfield code="a">016.6337</subfield>
    <subfield code="b">G914</subfield>
  </datafield>
  <datafield tag="100" ind1="1" ind2=" ">
    <subfield code="a">Corrêa, Maria Pinheiro Fernandes, </subfield>
    <subfield code="d">1944-</subfield>
  </datafield>
  <datafield tag="245" ind1="0" ind2="0">
    <subfield code="a">Guaraná : </subfield>
    <subfield code="b">resumos informativos / </subfield>
    <subfield code="c">Maria Pinheiro Fernandes Corrêa, Aloizio de Arruda Pinto, Walda Correa dos Santos.</subfield>
  </datafield>
  <datafield tag="250" ind1=" " ind2=" ">
    <subfield code="a">2. ed. </subfield>
  </datafield>
  <datafield tag="260" ind1=" " ind2=" ">
    <subfield code="a">Manaus : </subfield>
    <subfield code="b">EMBRAPA, </subfield>
    <subfield code="c">1985.</subfield>
  </datafield>
  <datafield tag="300" ind1=" " ind2=" ">
    <subfield code="a">91 p.</subfield>
  </datafield>
  <datafield tag="490" ind1="0" ind2=" ">
    <subfield code="a">Resumos informativos / EMBRAPA ; </subfield>
    <subfield code="v">n. 11</subfield>
  </datafield>
  <datafield tag="500" ind1=" " ind2=" ">
    <subfield code="a">2ª edição revista e ampliada por: Maria Pinheiro Fernandes Corrêa e Walda Corrêa dos Santos.</subfield>
  </datafield>
  <datafield tag="650" ind1=" " ind2="0">
    <subfield code="a">Guaraná</subfield>
    <subfield code="v">Bibliografia.</subfield>
  </datafield>
  <datafield tag="942" ind1=" " ind2=" ">
    <subfield code="c">L</subfield>
  </datafield>
  <datafield tag="999" ind1=" " ind2=" ">
    <subfield code="c">10549</subfield>
    <subfield code="d">10549</subfield>
  </datafield>
  <datafield tag="952" ind1=" " ind2=" ">
    <subfield code="0">0</subfield>
    <subfield code="1">0</subfield>
    <subfield code="2">ddc</subfield>
    <subfield code="4">0</subfield>
    <subfield code="6">AM_016_633700000000000_G914_2__ED</subfield>
    <subfield code="7">0</subfield>
    <subfield code="8">AM</subfield>
    <subfield code="9">13823</subfield>
    <subfield code="a">sdin</subfield>
    <subfield code="b">sdin</subfield>
    <subfield code="d">2016-11-23</subfield>
    <subfield code="l">0</subfield>
    <subfield code="o">AM 016.6337 G914 2. ed.</subfield>
    <subfield code="p">02-0524</subfield>
    <subfield code="r">2016-11-23</subfield>
    <subfield code="w">2016-11-23</subfield>
    <subfield code="y">L</subfield>
  </datafield>
  <datafield tag="952" ind1=" " ind2=" ">
    <subfield code="0">0</subfield>
    <subfield code="1">0</subfield>
    <subfield code="2">ddc</subfield>
    <subfield code="4">0</subfield>
    <subfield code="6">AM_016_633700000000000_G914</subfield>
    <subfield code="7">0</subfield>
    <subfield code="8">AM</subfield>
    <subfield code="9">39040</subfield>
    <subfield code="a">sdin</subfield>
    <subfield code="b">sdin</subfield>
    <subfield code="d">2018-09-25</subfield>
    <subfield code="l">0</subfield>
    <subfield code="o">AM 016.6337 G914</subfield>
    <subfield code="p">02-0525</subfield>
    <subfield code="r">2018-09-25</subfield>
    <subfield code="w">2018-09-25</subfield>
    <subfield code="y">L</subfield>
  </datafield>
</record>