
<!--237-->
<record>
  <leader>01064nam a2200217   4500</leader>
  <controlfield tag="001">BIBLIOPAC-000999</controlfield>
  <controlfield tag="008">030701s1972    bl     f      000 0 por  </controlfield>
  <datafield tag="082" ind1="1" ind2=" ">
    <subfield code="a">016.63492</subfield>
  </datafield>
  <datafield tag="090" ind1=" " ind2=" ">
    <subfield code="a">016.63492</subfield>
    <subfield code="b">N265b</subfield>
  </datafield>
  <datafield tag="100" ind1="1" ind2=" ">
    <subfield code="a">Nassar, Nazira Leite</subfield>
  </datafield>
  <datafield tag="245" ind1="1" ind2="0">
    <subfield code="a">Bibliografia sobre plantas de interesse econômico da flora amazônica / </subfield>
    <subfield code="c">Nazira Leite Nassar, Maria da Conceição Oliveira, Lea Tania de Aquino.</subfield>
  </datafield>
  <datafield tag="260" ind1=" " ind2=" ">
    <subfield code="a">[Belém] : </subfield>
    <subfield code="b">Instituto de Pesquisa Agropecuária do Norte, </subfield>
    <subfield code="c">[1972].</subfield>
  </datafield>
  <datafield tag="300" ind1=" " ind2=" ">
    <subfield code="a">v, 76 p.</subfield>
  </datafield>
  <datafield tag="490" ind1="0" ind2=" ">
    <subfield code="a">Bibliografia / Instituto de Pesquisa Agropecuária do Norte (Brasil); </subfield>
    <subfield code="v">n. 1</subfield>
  </datafield>
  <datafield tag="490" ind1="1" ind2=" ">
    <subfield code="a">Bibliografia ; </subfield>
    <subfield code="v">n. 1</subfield>
  </datafield>
  <datafield tag="500" ind1=" " ind2=" ">
    <subfield code="a">"Contribuição da Biblioteca do IPEAN e CEPEC ao Simpósio sobre Plantas de Interesse Econômico da Flora Amazônica, Belém, Pará, Brasil, maio 29-junho 2, 1972."</subfield>
  </datafield>
  <datafield tag="610" ind1="2" ind2="4">
    <subfield code="a">Instituto de Pesquisa Agropecuária do Norte (Brasil). Biblioteca</subfield>
    <subfield code="v">Catálogos.</subfield>
  </datafield>
  <datafield tag="610" ind1="2" ind2="4">
    <subfield code="a">Centro de Pesquisas do Cacau. Biblioteca</subfield>
    <subfield code="v">Catálogos.</subfield>
  </datafield>
  <datafield tag="650" ind1=" " ind2="4">
    <subfield code="a">Botânica econômica</subfield>
    <subfield code="z">Amazônia</subfield>
    <subfield code="v">Bibliografia.</subfield>
  </datafield>
  <datafield tag="942" ind1=" " ind2=" ">
    <subfield code="c">L</subfield>
  </datafield>
  <datafield tag="999" ind1=" " ind2=" ">
    <subfield code="c">7822</subfield>
    <subfield code="d">7822</subfield>
  </datafield>
  <datafield tag="952" ind1=" " ind2=" ">
    <subfield code="0">0</subfield>
    <subfield code="1">0</subfield>
    <subfield code="2">ddc</subfield>
    <subfield code="4">0</subfield>
    <subfield code="6">AM_016_634920000000000_N265B</subfield>
    <subfield code="7">0</subfield>
    <subfield code="8">AM</subfield>
    <subfield code="9">9921</subfield>
    <subfield code="a">sdin</subfield>
    <subfield code="b">sdin</subfield>
    <subfield code="d">2016-11-23</subfield>
    <subfield code="h">1972</subfield>
    <subfield code="l">0</subfield>
    <subfield code="o">AM 016.63492 N265b</subfield>
    <subfield code="p">02-0550</subfield>
    <subfield code="r">2016-11-23</subfield>
    <subfield code="w">2016-11-23</subfield>
    <subfield code="y">L</subfield>
  </datafield>
</record>