
<!--238-->
<record>
  <leader>00776nam a2200193   4500</leader>
  <controlfield tag="001">BIBLIOPAC-001001</controlfield>
  <controlfield tag="008">030701s1978    sp     f      000 0 spa  </controlfield>
  <datafield tag="082" ind1="1" ind2=" ">
    <subfield code="a">016.63492</subfield>
  </datafield>
  <datafield tag="090" ind1=" " ind2=" ">
    <subfield code="a">016.63492</subfield>
    <subfield code="b">V732b</subfield>
  </datafield>
  <datafield tag="100" ind1="1" ind2=" ">
    <subfield code="a">Villegas, Carmen</subfield>
  </datafield>
  <datafield tag="245" ind1="0" ind2="0">
    <subfield code="a">Bibliografia sobre plantas de interes economico de la region amazonica / </subfield>
    <subfield code="c">compilada por Carmen Villegas.</subfield>
  </datafield>
  <datafield tag="250" ind1=" " ind2=" ">
    <subfield code="a">2ed., rev. y ampl.</subfield>
  </datafield>
  <datafield tag="260" ind1=" " ind2=" ">
    <subfield code="a">Turrialba, Costa Rica : </subfield>
    <subfield code="b">Centro Interamericano de Documentación e Información Agrícola, Biblioteca y Terminal de Servicios, </subfield>
    <subfield code="c">1978.</subfield>
  </datafield>
  <datafield tag="300" ind1=" " ind2=" ">
    <subfield code="a">iv, 167 p., [10] f. de lâms. : </subfield>
    <subfield code="b">il.</subfield>
  </datafield>
  <datafield tag="490" ind1="0" ind2=" ">
    <subfield code="a">Documentacion e Informacion Agricola, </subfield>
    <subfield code="x">0301-438X ; </subfield>
    <subfield code="v">26</subfield>
  </datafield>
  <datafield tag="500" ind1=" " ind2=" ">
    <subfield code="a">Inclui índice.</subfield>
  </datafield>
  <datafield tag="650" ind1=" " ind2="0">
    <subfield code="a">Botânica econômica</subfield>
    <subfield code="z">Amazônia</subfield>
    <subfield code="v">Bibliografia.</subfield>
  </datafield>
  <datafield tag="942" ind1=" " ind2=" ">
    <subfield code="c">L</subfield>
  </datafield>
  <datafield tag="999" ind1=" " ind2=" ">
    <subfield code="c">7824</subfield>
    <subfield code="d">7824</subfield>
  </datafield>
  <datafield tag="952" ind1=" " ind2=" ">
    <subfield code="0">0</subfield>
    <subfield code="1">0</subfield>
    <subfield code="4">0</subfield>
    <subfield code="6">AM_016_634920000000000_V732B</subfield>
    <subfield code="7">0</subfield>
    <subfield code="8">AM</subfield>
    <subfield code="9">9923</subfield>
    <subfield code="a">sdin</subfield>
    <subfield code="b">sdin</subfield>
    <subfield code="d">2016-11-23</subfield>
    <subfield code="l">0</subfield>
    <subfield code="o">AM 016.63492 V732b</subfield>
    <subfield code="p">02-0553</subfield>
    <subfield code="r">2016-11-23</subfield>
    <subfield code="w">2016-11-23</subfield>
    <subfield code="y">L</subfield>
  </datafield>
</record>