
<!--240-->
<record>
  <leader>00545nam a2200169   4500</leader>
  <controlfield tag="001">BIBLIOPAC-006923</controlfield>
  <controlfield tag="005">20161123141942.0</controlfield>
  <controlfield tag="008">050216s1981    bl a   f     0000 0 por  </controlfield>
  <datafield tag="082" ind1="1" ind2=" ">
    <subfield code="a">016.690</subfield>
  </datafield>
  <datafield tag="090" ind1=" " ind2=" ">
    <subfield code="a">016.690</subfield>
    <subfield code="b">C121</subfield>
  </datafield>
  <datafield tag="245" ind1="1" ind2="0">
    <subfield code="a">Cadastro da indústria de construção civil do Estado do Amazonas - 1980 / </subfield>
    <subfield code="c">Ceag-am.</subfield>
  </datafield>
  <datafield tag="260" ind1=" " ind2=" ">
    <subfield code="a">[Manaus : </subfield>
    <subfield code="b">Umberto Calderaro, </subfield>
    <subfield code="c">1981].</subfield>
  </datafield>
  <datafield tag="300" ind1=" " ind2=" ">
    <subfield code="a">119 p. : </subfield>
    <subfield code="b">il.</subfield>
  </datafield>
  <datafield tag="650" ind1=" " ind2="4">
    <subfield code="a">Indústria</subfield>
    <subfield code="x">Construção civil</subfield>
    <subfield code="z">Amazonas.</subfield>
  </datafield>
  <datafield tag="650" ind1=" " ind2="4">
    <subfield code="a">Construção civil</subfield>
    <subfield code="z">Amazonas</subfield>
    <subfield code="x">Diretórios.</subfield>
  </datafield>
  <datafield tag="942" ind1=" " ind2=" ">
    <subfield code="c">L</subfield>
  </datafield>
  <datafield tag="999" ind1=" " ind2=" ">
    <subfield code="c">13736</subfield>
    <subfield code="d">13736</subfield>
  </datafield>
  <datafield tag="952" ind1=" " ind2=" ">
    <subfield code="0">0</subfield>
    <subfield code="1">0</subfield>
    <subfield code="2">ddc</subfield>
    <subfield code="4">0</subfield>
    <subfield code="6">AM_016_690000000000000_C121</subfield>
    <subfield code="7">0</subfield>
    <subfield code="8">AM</subfield>
    <subfield code="9">18452</subfield>
    <subfield code="a">sdin</subfield>
    <subfield code="b">sdin</subfield>
    <subfield code="d">2016-11-23</subfield>
    <subfield code="l">0</subfield>
    <subfield code="o">AM 016.690 C121</subfield>
    <subfield code="p">83-0179</subfield>
    <subfield code="r">2016-11-23</subfield>
    <subfield code="w">2016-11-23</subfield>
    <subfield code="y">L</subfield>
  </datafield>
</record>

</collection>
